<record><leader>00000cas a2200000 a 4500</leader><controlfield tag="001">25236573</controlfield><controlfield tag="008">920207d18691872ncucr ne      0    0eng c</controlfield><datafield ind1=" " ind2=" " tag="010"><subfield code="a">sn 92073933 </subfield></datafield><datafield ind1=" " ind2=" " tag="040"><subfield code="a">NVJ</subfield><subfield code="b">eng</subfield><subfield code="c">NVJ</subfield><subfield code="d">IUL</subfield><subfield code="d">OCLCQ</subfield><subfield code="d">OCLCF</subfield><subfield code="d">OCLCO</subfield></datafield><datafield ind1="1" ind2=" " tag="029"><subfield code="a">AU@</subfield><subfield code="b">000020739264</subfield></datafield><datafield ind1=" " ind2=" " tag="042"><subfield code="a">pcc</subfield></datafield><datafield ind1=" " ind2=" " tag="043"><subfield code="a">n-us-nc</subfield></datafield><datafield ind1="1" ind2="4" tag="050"><subfield code="a">AN2.W55</subfield><subfield code="b">W55</subfield></datafield><datafield ind1="0" ind2=" " tag="130"><subfield code="a">Post (Wilmington, N.C. : 1869)</subfield></datafield><datafield ind1="1" ind2="4" tag="245"><subfield code="a">The post.</subfield></datafield><datafield ind1="1" ind2="8" tag="246"><subfield code="a">Wilmington post</subfield></datafield><datafield ind1=" " ind2=" " tag="260"><subfield code="a">Wilmington, N.C. :</subfield><subfield code="b">Chas. I. Grady,</subfield><subfield code="c">1869-1872.</subfield></datafield><datafield ind1=" " ind2=" " tag="300"><subfield code="a">v. :</subfield><subfield code="b">ill.</subfield></datafield><datafield ind1=" " ind2=" " tag="310"><subfield code="a">Semiweekly</subfield></datafield><datafield ind1="0" ind2=" " tag="362"><subfield code="a">Dec. 25, 1869-</subfield></datafield><datafield ind1="1" ind2=" " tag="362"><subfield code="a">Ceased in 1872.</subfield></datafield><datafield ind1=" " ind2=" " tag="588"><subfield code="a">Latest issue consulted: May 12, 1872.</subfield></datafield><datafield ind1=" " ind2="0" tag="651"><subfield code="a">Wilmington (N.C.)</subfield><subfield code="v">Newspapers.</subfield></datafield><datafield ind1=" " ind2="7" tag="655"><subfield code="a">Newspapers.</subfield><subfield code="2">fast</subfield><subfield code="0">(OCoLC)fst01423814</subfield></datafield><datafield ind1=" " ind2="7" tag="651"><subfield code="a">North Carolina</subfield><subfield code="z">Wilmington.</subfield><subfield code="2">fast</subfield><subfield code="0">(OCoLC)fst01210117</subfield></datafield><datafield ind1=" " ind2=" " tag="752"><subfield code="a">United States</subfield><subfield code="b">North Carolina</subfield><subfield code="c">New Hanover</subfield><subfield code="d">Wilmington.</subfield></datafield><datafield ind1="0" ind2="0" tag="780"><subfield code="t">Wilmington post (Wilmington, N.C. : 1869)</subfield><subfield code="w">(DLC)   00238162</subfield><subfield code="w">(OCoLC)43477590</subfield></datafield><datafield ind1="0" ind2="0" tag="785"><subfield code="t">Weekly post (Wilmington, N.C. : 1872)</subfield><subfield code="w">(DLC)sn 92073934</subfield><subfield code="w">(OCoLC)25237294</subfield></datafield></record>